%%%%%%%%%%%%%%%%%%%%%%%%%%%%%%%%%%%%%%%%%%%%%%%%%%%%%%%%%%%%%%%%%%%%%%%%%%%%%%
%
% Project main bib file
%
%
%%%%%%%%%%%%%%%%%%%%%%%%%%%%%%%%%%%%%%%%%%%%%%%%%%%%%%%%%%%%%%%%%%%%%%%%%%%%%%

@INBOOK{ref:morse1981vsa,
  crossref = {ref:morse1981vas},
  pages = {84--85}
}

@INBOOK{ref:morse1981vsb,
  crossref = {ref:morse1981vas},
  pages = {166--170}
}

@INBOOK{ref:fletcher2005pma,
  crossref = {ref:fletcher2005pmi},
  pages = {34--40}
}

@INBOOK{ref:fletcher2005pmb,
  crossref = {ref:fletcher2005pmi},
  pages = {64--65}
}

@MISC{ref:github2024rgb,
  author = {Matthew B. Anderson and Raymond G. Beausoleil},
  howpublished = {{``Theory and Experiment in Classical Guitar''}},
  year = {2024},
  note = {See \url{https://github.com/beausol/classical-guitar}},
  Owner                    = {beausol},
  Timestamp                = {2024.01.02}
}

@INBOOK{ref:nocedal2006no,
  author    = {Jorge Nocedal and Stephen J. Wright},
  publisher = {Springer},
  title     = {Numerical Optimization},
  year      = {2006},
  address   = {New York, NY, USA},
  edition   = {2e},
  pages     = {136}
}